@book{vazirani,
  author         = {V. V. Vazirani},
  editor         = {},
  publisher      = {},
  title          = {Approximation algorithms},
  year           = {2003}
}