% Encoding: UTF-8

@phdthesis{k_card_trees,
	author = {M. Fischetti and H. W. Hamacher and K. Jornsten and F. Maffioli},
	title = {Weighted $k$-cardinality trees: Complexity and polyhedral structure},
	year = {1992},
    school = {Universit\"at Kaiserslautern}
}

